<record><leader>00000cas a22000007a 4500</leader><controlfield tag="001">28879133</controlfield><controlfield tag="008">930923d19081912wyuwr ne      0    0eng d</controlfield><datafield ind1=" " ind2=" " tag="010"><subfield code="a">sn 93070113 </subfield></datafield><datafield ind1=" " ind2=" " tag="040"><subfield code="a">NVO</subfield><subfield code="b">eng</subfield><subfield code="c">NVO</subfield><subfield code="d">OCLCQ</subfield></datafield><datafield ind1="0" ind2=" " tag="130"><subfield code="a">Weekly boomerang (Laramie, Wyo. : 1908)</subfield></datafield><datafield ind1="1" ind2="4" tag="245"><subfield code="a">The weekly boomerang.</subfield></datafield><datafield ind1="1" ind2="3" tag="246"><subfield code="a">Boomerang</subfield></datafield><datafield ind1=" " ind2=" " tag="260"><subfield code="a">Laramie, Wyo. :</subfield><subfield code="b">Boomerang Co.</subfield></datafield><datafield ind1=" " ind2=" " tag="300"><subfield code="a">v.</subfield></datafield><datafield ind1=" " ind2=" " tag="310"><subfield code="a">Weekly (on Thursday)</subfield></datafield><datafield ind1="0" ind2=" " tag="362"><subfield code="a">Vol. 28 (Sept. 24, 1908)-v. 32, no. 64 (Oct. 24, 1912).</subfield></datafield><datafield ind1=" " ind2=" " tag="515"><subfield code="a">Numbering is irregular.</subfield></datafield><datafield ind1=" " ind2=" " tag="580"><subfield code="a">Daily eds.: Laramie boomerang, May 2, 1901-Feb. 5, 1910; and Laramie daily boomerang, Feb. 7, 1910-Oct. 26, 1912.</subfield></datafield><datafield ind1=" " ind2=" " tag="580"><subfield code="a">Semiweekly eds.: Semi-weekly boomerang, Dec. 3, 1894-Jan. 1, 1912; and Laramie daily boomerang, Jan. 8-&lt;Oct. 21,&gt; 1912.</subfield></datafield><datafield ind1=" " ind2="4" tag="651"><subfield code="a">Laramie (Wyo.)</subfield><subfield code="v">Newspapers.</subfield></datafield><datafield ind1=" " ind2="4" tag="651"><subfield code="a">Albany County (Wyo.)</subfield><subfield code="v">Newspapers.</subfield></datafield><datafield ind1=" " ind2=" " tag="752"><subfield code="a">United States</subfield><subfield code="b">Wyoming</subfield><subfield code="c">Albany</subfield><subfield code="d">Laramie.</subfield></datafield><datafield ind1="1" ind2=" " tag="775"><subfield code="t">Laramie boomerang (Laramie, Wyo. : 1901)</subfield><subfield code="w">(DLC)sn 86072181</subfield></datafield><datafield ind1="1" ind2=" " tag="775"><subfield code="t">Laramie daily boomerang (Laramie, Wyo. : 1910)</subfield><subfield code="w">(DLC)sn 86072182</subfield></datafield><datafield ind1="1" ind2=" " tag="775"><subfield code="t">Semi-weekly boomerang (Laramie, Wyo. : 1894)</subfield><subfield code="w">(DLC)sn 92066985</subfield></datafield><datafield ind1="1" ind2=" " tag="775"><subfield code="t">Laramie semi-weekly boomerang (Laramie, Wyo. : 1912)</subfield><subfield code="w">(DLC)sn 92066993</subfield></datafield><datafield ind1="0" ind2="0" tag="785"><subfield code="t">Laramie boomerang (Laramie, Wyo. : 1912 : Weekly)</subfield><subfield code="w">(DLC)sn 92066986</subfield></datafield></record>